@Manual{asciiwiki,
	title = {ASCII},
	key = {1},
	OPTauthor = 	 {},
	OPTorganization = {},
	address = {\href{https://es.wikipedia.org/wiki/ASCII}{https://es.wikipedia.org/wiki/ASCII}}
}
@Manual{asciitab,
	title = {El c√≥digo ASCII},
	key = {2},
	address = {\href{https://elcodigoascii.com.ar/}{https://elcodigoascii.com.ar/}}
}
@Manual{isowiki,
	title = {ISO/IEC 8859-1},
	key = {3},
	address = {\href{https://es.wikipedia.org/wiki/ISO/IEC_8859-1}{https://es.wikipedia.org/wiki/ISO/IEC_8859-1}}
}
@Manual{isotab1,
	title = {ISO/IEC JTC 1/SC 2/WG 3},
	key = {4},
	address = {\href{https://web.archive.org/web/20110514101319/http://anubis.dkuug.dk/JTC1/SC2/WG3/docs/n411.pdf}{https://web.archive.org/web/20110514101319/http://anubis.dkuug.dk/JTC1/SC2/WG3/docs/n411.pdf}}
}
@Manual{isotab2,
	title = {ASCII/ISO 8859-1 (Latin-1) Table with HTML Entity Names},
	key = {5},
	address = {\href{https://cs.stanford.edu/people/miles/iso8859.html}{https://cs.stanford.edu/people/miles/iso8859.html}}
}
@Manual{unicodewiki,
	title = {Unicode},
	key = {6},
	address = {\href{https://es.wikipedia.org/wiki/Unicode}{https://es.wikipedia.org/wiki/Unicode}}
}
@Manual{unicodetab1,
	title = {Tabla de caracteres Unicode},
	key = {7},
	address = {\href{https://www.rapidtables.org/code/text/unicode-characters.html}{https://www.rapidtables.org/code/text/unicode-characters.html}}
}
@Manual{unicodetab2,
	title = {Tabla de caracteres Unicode},
	key = {8},
	address = {\href{https://unicode-table.com/es}{https://unicode-table.com/es}}
}
@Manual{unicodetab3,
	title = {Unicode Table (Decimal)},
	key = {9},
	address = {\href{https://www.tamasoft.co.jp/en/general-info/unicode-decimal.html}{https://www.tamasoft.co.jp/en/general-info/unicode-decimal.html}}
}
@Manual{utfwiki,
	title = {UTF-8},
	key = {10},
	address = {\href{https://es.wikipedia.org/wiki/UTF-8}{https://es.wikipedia.org/wiki/UTF-8}}
}
@Manual{utftab1,
	title = {UTF-8, a transformation format of ISO 10646},
	key = {11},
	address = {\href{https://datatracker.ietf.org/doc/html/rfc3629}{https://datatracker.ietf.org/doc/html/rfc3629}}
}
@Manual{utftab2,
	title = {UTF-8 encoding table and Unicode characters},
	key = {12},
	address = {\href{https://www.utf8-chartable.de/}{https://www.utf8-chartable.de/}}
}