@Manual{clavc,
  title = 	 {Palabras clave en C},
  key = 	 {1},
  OPTauthor = 	 {},
  OPTorganization = {},
  address = 	 {\href{http://platea.pntic.mec.es/vgonzale/cyr_0204/cyr_01/control/lengua_C/keywords.htm}{http://platea.pntic.mec.es/vgonzale/cyr_0204/cyr_01/control/lengua_C/keywords.htm}},
  OPTedition = 	 {}
}

@Manual{tipc,
  title = 	 {Principios de programaci\'on},
  key = 	 {2},
  OPTauthor = 	 {Marco Antonio Cr\'uz Ch\'avez},
  OPTorganization = {UNAM},
  address = 	 {\href{http://profesores.fi-b.unam.mx/carlos/lcpi/p09/TIPOS\%20DE\%20DATOS\%20EN \%20C.pdf}{http://profesores.fi-b.unam.mx/carlos/lcpi/p09/TIPOS\%20DE\%20DATOS\%20EN\%20C.pdf}},
  OPTedition = 	 {}
}

@Manual{operc,
  title = 	 {Operadores bit a bit de C},
  key = 	 {3},
  OPTauthor = 	 {},
  OPTorganization = {Microsoft},
  address = 	 {\href{https://docs.microsoft.com/es-es/cpp/c-language/c-bitwise-operators?view=msvc-170}{https://docs.microsoft.com/es-es/cpp/c-language/c-bitwise-operators?view=msvc-170}},
  OPTedition = 	 {},
  OPTmonth = 	 {12},
  OPTyear = 	 {2021}
}

@Manual{inoutc,
  title = 	 {Algoritmia y programaci\'on estructurada},
  key = 	 {4},
  OPTauthor = 	 {Edgardo Adri\'an Franco Mart\'inez},
  OPTorganization = {IPN-ESCOM},
  address = 	 {\href{https://docencia.eafranco.com/materiales/algoritmia/09/Tema09.pdf}{https://docencia.eafranco.com/materiales/algoritmia/09/Tema09.pdf}}
}

@Manual{clavjava,
  title = 	 {Palabras reservadas en Java},
  key = 	 {5},
  OPTauthor = 	 {},
  OPTorganization = {Ciberaula},
  address = 	 {\href{https://www.ciberaula.com/cursos/java/palabras\_reservadas\_java.php}{https://www.ciberaula.com/cursos/java/palabras\_reservadas\_java.php}}
}

@Manual{tipjava,
  title = 	 {Tipos de datos en Java con Ejemplos},
  key = 	 {6},
  OPTauthor = 	 {Alex Walton},
  OPTorganization = {},
  address = 	 {\href{https://javadesdecero.es/basico/tipos-datos-java-ejemplos/}{https://javadesdecero.es/basico/tipos-datos-java-ejemplos/}}
}

@Manual{operjava,
  title = 	 {Operadores en Java},
  key = 	 {7},
  OPTauthor = 	 {},
  OPTorganization = {},
  address = 	 {\href{https://desarrolloweb.com/articulos/1730.php}{https://desarrolloweb.com/articulos/1730.php}},
  OPTedition = 	 {},
  OPTmonth = 	 {12},
  OPTyear = 	 {2004}
}

@Manual{inoutjava,
  title = 	 {Tutorial de Java: Entrada/Salida est\'andar},
  key = 	 {8},
  OPTauthor = 	 {},
  OPTorganization = {},
  address = 	 {\href{http://www.itlp.edu.mx/web/java/Tutorial\%20de\%20Java/Cap8/entrada.html}{http://www.itlp.edu.mx/web/java/Tutorial\%20de\%20Java/Cap8/entrada.html}}
}
