%
% Carlos Coronado
% Materia: Programaci'on II
%

@Book{knuth,
  author = 	 {Donald E.~Knuth},
  ALTeditor = 	 {},
  title = 	 {The art of computer programming},
  publisher = 	 {Addison-Wesley},
  year = 	 {1969},
  OPTkey = 	 {},
  volume = 	 {1},
  OPTnumber = 	 {},
  OPTseries = 	 {},
  OPTaddress = 	 {},
  OPTedition = 	 {},
  OPTmonth = 	 {},
  OPTnote = 	 {},
  OPTannote = 	 {}
}

@TechReport{zimmermann,
  author = 	 {P.~Zimmermann},
  title = 	 {An implementation of Sch\"onhage's multiplication algorithm},
  institution =  {INRIA},
  year = 	 {1992},
  OPTkey = 	 {},
  OPTtype = 	 {},
  OPTnumber = 	 {},
  OPTaddress = 	 {},
  OPTmonth = 	 {May},
  OPTnote = 	 {},
  OPTannote = 	 {}
}

@Article{rsa,
  author = 	 {R.~Rivest and A.~Shamir and L.~Adleman},
  title = 	 {A method for obtaining digital signatures and public-key cryptosystems},
  journal = 	 {Communications of the ACM},
  year = 	 {1978},
  OPTkey = 	 {},
  OPTvolume = 	 {},
  OPTnumber = 	 {},
  pages = 	 {120-126},
  OPTmonth = 	 {},
  OPTnote = 	 {},
  OPTannote = 	 {}
}

@InProceedings{bm,
  author = 	 {M.~Bellare and D.~Micciancio},
  title = 	 {A New Paradigm for collision-free hashing: Incrementality at reduced cost.},
  OPTcrossref =  {},
  OPTkey = 	 {},
  booktitle = {Advances in Cryptology- Eurocrypt 97 Proceedings},
  pages = 	 {163-192},
  year = 	 {1997},
  OPTeditor = 	 {},
  volume = 	 {1233},
  OPTnumber = 	 {},
  series = 	 {Lecture Notes in Computer Science},
  OPTaddress = 	 {},
  OPTmonth = 	 {},
  OPTorganization = {},
  publisher = {W. Fumy ed, Springer-Verlag},
  OPTnote = 	 {},
  OPTannote = 	 {}
}

@Manual{hashmd5,
  title = 	 {The MD5 Message-Digest Algorithm},
  key = 	 {RFC 1321},
  OPTauthor = 	 {},
  OPTorganization = {},
  address = 	 {\href{http://www.faqs.org/rfcs/rfc1321.html}{http://www.faqs.org/rfcs/rfc1321.html}},
  OPTedition = 	 {},
  OPTmonth = 	 {},
  OPTyear = 	 {},
  OPTnote = 	 {},
  OPTannote = 	 {}
}

